@incollection{oikonomidis2011markerless,
  title={Markerless and efficient 26-dof hand pose recovery},
  author={Oikonomidis, Iasonas and Kyriazis, Nikolaos and Argyros, Antonis A},
  booktitle={Computer Vision--ACCV 2010},
  pages={744--757},
  year={2011},
  publisher={Springer}
}

@inproceedings{romero2009monocular,
  title={Monocular real-time 3D articulated hand pose estimation},
  author={Romero, Javier and Kjellstrom, H and Kragic, Danica},
  booktitle={Humanoid Robots, 2009. Humanoids 2009. 9th IEEE-RAS International Conference on},
  pages={87--92},
  year={2009},
  organization={IEEE}
}

@inproceedings{athitsos2003estimating,
  title={Estimating 3D hand pose from a cluttered image},
  author={Athitsos, Vassilis and Sclaroff, Stan},
  booktitle={Computer Vision and Pattern Recognition, 2003. Proceedings. 2003 IEEE Computer Society Conference on},
  volume={2},
  pages={II--432},
  year={2003},
  organization={IEEE}
}

@inproceedings{de2006regression,
  title={Regression-based hand pose estimation from multiple cameras},
  author={de Campos, Teofilo E and Murray, David W},
  booktitle={Computer Vision and Pattern Recognition, 2006 IEEE Computer Society Conference on},
  volume={1},
  pages={782--789},
  year={2006},
  organization={IEEE}
}

@article{agarwal2006recovering,
  title={Recovering 3D human pose from monocular images},
  author={Agarwal, Ankur and Triggs, Bill},
  journal={Pattern Analysis and Machine Intelligence, IEEE Transactions on},
  volume={28},
  number={1},
  pages={44--58},
  year={2006},
  publisher={IEEE}
}

@article{oikonomidis2011,
    author = "Isasonas Oikonomidis AND Nikolaos Kyriazis AND Antonis A. Argyros",
    title   = "Full DOF tracking of a hand interacting with an object by modeling occlusions and physical constraints",
    year    = "2011",
    journal = "Proc of ICCV 2011"
}
@article{oikonomidis2012,
    author = "Isasonas Oikonomidis AND Nikolaos Kyriazis AND Antonis A. Argyros",
    title   = "Tracking the articulated motion of two strongly interacting hands",
    year    = "2012",
    journal = "Proc of CVPR 2012"
}

@misc{kinect,
  key = {Kinect},
  title = {Kinect for Xbox 360},
  publisher = {Microsoft Corp.},
  address = {Redmond WA}
}

@techreport{kyriazis2011,
  title = {A GPU-powered computational framework for efficient 3D model-based vision},
  author = {Kyriazis, N. and Oikonomidis, I. and Argyros, A. },
  institution = {ICS-FORTH},
  year = {2011},
  month ={July},
  number = {TR420},
  description = { web-site of N. Kyriazis },
  file = { paper, poster }
}

@ONLINE{ogldev:online,
  author = {E. Meiri},
  title = {OpenGL Development on Linux},
  url = {http://ogldev.atspace.co.uk/}
}

@INPROCEEDINGS{InteractingHands12,
   author = "Luca Ballan and Aparna Taneja and JÃ¼rgen Gall and Luc Van Gool and Marc Pollefeys",
   title = "Motion Capture of Hands in Action using Discriminative Salient Points",
   booktitle = "European Conference on Computer Vision (ECCV)",
   month = "October",
   year = "2012",
   address = "Firenze",
   pages = {640--653}
}

@inproceedings{bmvc2011oikonom,
  title={Efficient model-based 3D tracking of hand articulations using Kinect},
  author={Oikonomidis, I. and Kyriazis, N. and Argyros, A.},
  booktitle={BMVC},
  pages={},
  year={2011},
  publisher={BMVA},
  document={http://www.ics.forth.gr/~argyros/mypapers/2011_09_bmvc_kinect_hand_tracking.pdf},
  doi={10.5244/C.25.101},
  desc={http://cvrlcode.ics.forth.gr/~kyriazis/?p=93},
  note={
Find an executable demo of this work here
A free for commercial use library implementation can be found here
A derivation of this work has received the 1st prize in CHALEARN 2012
}
}

@INPROCEEDINGS{argyros2004real-timetracking,
    author = {Antonis A. Argyros and Manolis I. A. Lourakis},
    title = {Real-Time Tracking of Multiple Skin-Colored Objects with a Possibly Moving Camera},
    booktitle = {ECCV},
    year = {2004},
    pages = {368--379}
}

@article{jones2002statisticalcolor,
 author = {Jones, Michael J. and Rehg, James M.},
 title = {Statistical color models with application to skin detection},
 journal = {Int. J. Comput. Vision},
 issue_date = {January 2002},
 volume = {46},
 number = {1},
 month = jan,
 year = {2002},
 issn = {0920-5691},
 pages = {81--96},
 numpages = {16},
 url = {http://dx.doi.org/10.1023/A:1013200319198},
 doi = {10.1023/A:1013200319198},
 acmid = {606260},
 publisher = {Kluwer Academic Publishers},
 address = {Hingham, MA, USA},
 keywords = {color models, histograms, skin detection},
}

@inproceedings{kennedy1995particle,
  title={Particle swarm optimization},
  author={Kennedy, James and Eberhart, Russell},
  booktitle={Neural Networks, 1995. Proceedings., IEEE International Conference on},
  volume={4},
  pages={1942--1948},
  year={1995},
  organization={IEEE}
}

@manual{opencl1.2spec,
  title = {The OpenCL Specification},
  author = {Aaftab Munshi},
  organization = {Khronos Group}
}

@inproceedings{lewis2000pose,
  title={Pose space deformation: a unified approach to shape interpolation and skeleton-driven deformation},
  author={Lewis, John P and Cordner, Matt and Fong, Nickson},
  booktitle={Proceedings of the 27th annual conference on Computer graphics and interactive techniques},
  pages={165--172},
  year={2000},
  organization={ACM Press/Addison-Wesley Publishing Co.}
}

@inproceedings{de2008model,
  title={Model-based hand tracking with texture, shading and self-occlusions},
  author={de La Gorce, Martin and Paragios, Nikos and Fleet, David J},
  booktitle={Computer Vision and Pattern Recognition, 2008. CVPR 2008. IEEE Conference on},
  pages={1--8},
  year={2008},
  organization={IEEE}
}

@article{erol2007vision,
  title={Vision-based hand pose estimation: A review},
  author={Erol, Ali and Bebis, George and Nicolescu, Mircea and Boyle, Richard D and Twombly, Xander},
  journal={Computer Vision and Image Understanding},
  volume={108},
  number={1},
  pages={52--73},
  year={2007},
  publisher={Elsevier}
}
